@Article{1,
  author = {SR Weiskopf and MA Rubenstein and LG Crozier and S Gaichas and R Griffis and {...}},
  title = {Climate change effects on biodiversity, ecosystems, ecosystem services, and natural resource management in the United States},
  journaltitle = {Science of The Total Environment},
  year = {2020},
  key = {1},
}

@Article{2,
  author = {JS Link and G Huse and S Gaichas and AR Marshak},
  title = {Changing how we approach fisheries: A first attempt at an operational framework for ecosystem approaches to fisheries management},
  journaltitle = {Fish and Fisheries},
  year = {2020},
  key = {2},
}

@Article{3,
  author = {MA Karp and JO Peterson and PD Lynch and RB Griffis and CF Adams and WS Arnold and {...}},
  title = {Accounting for shifting distributions and changing productivity in the development of scientific advice for fishery management},
  journaltitle = {ICES Journal of Marine Science},
  year = {2019},
  key = {3},
}

@Article{4,
  author = {JJ Deroba and SK Gaichas and MY Lee and RG Feeney and D Boelke and BJ Irwin},
  title = {The dream and the reality: meeting decision-making time frames while incorporating ecosystem and economic models into management strategy evaluation,},
  journaltitle = {Canadian Journal of Fisheries and Aquatic Sciences},
  year = {2019},
  key = {4},
}

@Article{5,
  author = {RG Feeney and DV Boelke and JJ Deroba and S Gaichas and BJ Irwin and M Lee},
  title = {Integrating management strategy evaluation into fisheries management: advancing best practices for stakeholder inclusion based on an MSE for Northeast US Atlantic herring},
  journaltitle = {Canadian Journal of Fisheries and Aquatic Sciences},
  year = {2019},
  key = {5},
}

@Article{6,
  author = {DR Goethel and SM Lucey and AM Berger and SK Gaichas and MA Karp and PD Lynch and {...}},
  title = {Closing the feedback loop: on stakeholder participation in management strategy evaluation},
  journaltitle = {Canadian Journal of Fisheries and Aquatic Sciences},
  year = {2019},
  key = {6},
}

@Article{7,
  author = {H Townsend and CJ Harvey and Y deReynier and D Davis and S Zador and S Gaichas and {...}},
  title = {Progress on Implementing Ecosystem-Based Fisheries Management in the US Through the Use of Ecosystem Models and Analysis},
  journaltitle = {Frontiers in Marine Science},
  year = {2019},
  key = {7},
}

@Article{8,
  author = {DR Goethel and SM Lucey and AM Berger and SK Gaichas and MA Karp and PD Lynch and {...}},
  title = {Recent advances in management strategy evaluation: introduction to the special issue “Under pressure: addressing fisheries challenges with Management Strategy Evaluation”},
  journaltitle = {Canadian Journal of Fisheries and Aquatic Sciences},
  year = {2019},
  key = {8},
}

@Article{11,
  author = {M Fogarty and A Beet and S Gaichas},
  title = {Fishery Functional Group Management},
  journaltitle = {American Fisheries Society & The Wildlife Society},
  year = {2019},
  key = {11},
}

@Article{12,
  author = {RJ Gamble and J Tam and G DePiper and SK Gaichas and SM Lucey and PM Clay and G Fay and {...}},
  title = {Integrating Conceptual and Qualitative Models in Integrated Ecosystem Assessments–a Case Study in the Northeast United States Large Marine Ecosystem},
  journaltitle = {American Fisheries Society & The Wildlife Society},
  year = {2019},
  key = {12},
}

@Article{13,
  author = {S Gaichas and GS DePiper and RJ Seagraves and B Muffley and M Colburn and AL Loftus},
  title = {Addendum: Implementing Ecosystem Approaches to Fishery Management: Risk Assessment in the US Mid-Atlantic},
  journaltitle = {Frontiers in Marine Science},
  year = {2019},
  key = {13},
}

@Article{14,
  author = {J Bentley and V Bartolino and N Kulatska and M Vinther and S Gaichas and A Kempf and {...}},
  title = {Working Group on Multispecies Assessment Methods (WGSAM)},
  journaltitle = {International Council for the Exploration of the Sea (ICES)},
  year = {2019},
  key = {14},
}

@Article{15,
  author = {E Olsen and IC Kaplan and C Ainsworth and G Fay and S Gaichas and R Gamble and R Girardin and {...}},
  title = {Ocean futures under ocean acidification, marine protection, and changing fishing pressures explored using a worldwide suite of ecosystem models},
  journaltitle = {Frontiers in Marine Science},
  year = {2018},
  key = {15},
}

@Article{16,
  author = {SK Gaichas and GS DePiper and RJ Seagraves and BW Muffley and MG Sabo and {...}},
  title = {Implementing ecosystem approaches to fishery management: risk assessment in the US Mid-Atlantic},
  journaltitle = {Frontiers in Marine Science},
  year = {2018},
  key = {16},
}

@Article{17,
  author = {S Gaichas and G DePiper and R Seagraves and L Colburn and A Loftus and M Sabo and {...}},
  title = {DRAFT Mid-Atlantic EAFM Risk Assessment Documentation and Results},
  journaltitle = {Mid-Atlantic Fisheries Management Council},
  year = {2018},
  key = {17},
}

@Article{18,
  author = {RP Wildermuth and G Fay and S Gaichas},
  title = {Structural uncertainty in qualitative models for ecosystem-based management of Georges Bank},
  journaltitle = {Canadian Journal of Fisheries and Aquatic Sciences},
  year = {2018},
  key = {18},
}

@Article{19,
  author = {SR Weiskopf and D Lipton and MA Rubenstein and SL Carter and J Peterson and L Crozier and {...}},
  title = {The impacts of climate change on ecosystems, ecosystem services, and biodiversity in the United States},
  journaltitle = {AGU Fall Meeting Abstracts},
  year = {2018},
  key = {19},
}

@Article{27,
  author = {D Tommasi and CA Stock and AJ Hobday and R Methot and IC Kaplan and JP Eveson and {...}},
  title = {Managing living marine resources in a dynamic environment: the role of seasonal to decadal climate forecasts},
  journaltitle = {Progress in Oceanography},
  year = {2017},
  key = {27},
}

@Article{28,
  author = {SG Zador and KK Holsman and KY Aydin and SK Gaichas},
  title = {Ecosystem considerations in Alaska: the value of qualitative assessments},
  journaltitle = {ICES Journal of Marine Science},
  year = {2017},
  key = {28},
}

@Article{29,
  author = {K Holsman and J Samhouri and G Cook and E Hazen and E Olsen and M Dillard and {...}},
  title = {An ecosystem‐based approach to marine risk assessment},
  journaltitle = {Ecosystem Health and Sustainability},
  year = {2017},
  key = {29},
}

@Article{30,
  author = {GS DePiper and SK Gaichas and SM Lucey and P Pinto da Silva and MR Anderson and {...}},
  title = {Operationalizing integrated ecosystem assessments within a multidisciplinary team: lessons learned from a worked example},
  journaltitle = {ICES Journal of Marine Science},
  year = {2017},
  key = {30},
}

@Article{31,
  author = {SK Gaichas and M Fogarty and G Fay and R Gamble and S Lucey and L Smith},
  title = {Combining stock, multispecies, and ecosystem level fishery objectives within an operational management procedure: simulations to start the conversation},
  journaltitle = {ICES Journal of Marine Science},
  year = {2017},
  key = {31},
}

@Article{32,
  author = {SG Zador and SK Gaichas and S Kasperski and CL Ward and RE Blake and NC Ban and {...}},
  title = {Linking ecosystem processes to communities of practice through commercially fished species in the Gulf of Alaska},
  journaltitle = {ICES Journal of Marine Science},
  year = {2017},
  key = {32},
}

@Article{38,
  author = {D Howell and A Kempf and B Bauer and A Belgrano and R Thorpe and M Vinther and V Bartolino and {...}},
  title = {Report of the Working Group on Multispecies Assessment Methods (WGSAM), 10-14 October 2016, Reykjavik, Iceland},
  journaltitle = {International Council for the Exploration of the Sea},
  year = {2017},
  key = {38},
}

@Article{39,
  author = {E Olsen and G Fay and S Gaichas and R Gamble and S Lucey and JS Link},
  title = {Ecosystem model skill assessment. Yes we can!},
  journaltitle = {PloS one},
  year = {2016},
  key = {39},
}

@Article{40,
  author = {SK Gaichas and RJ Seagraves and JM Coakley and GS DePiper and VG Guida and JA Hare and {...}},
  title = {A framework for incorporating species, fleet, habitat, and climate interactions into fishery management},
  journaltitle = {Frontiers in Marine Science},
  year = {2016},
  key = {40},
}

@Article{41,
  author = {M Weijerman and JS Link and EA Fulton and E Olsen and H Townsend and S Gaichas and {...}},
  title = {Atlantis ecosystem model summit: report from a workshop},
  journaltitle = {Ecological Modelling},
  year = {2016},
  key = {41},
}

@Article{42,
  author = {D Howell and S Mackinson and A Kempf and A Rindorf and A Belgrano and R Thorpe and {...}},
  title = {Report of the Working Group on Multispecies Assessment Methods (WGSAM), 9–13 November 2015, Woods Hole, USA},
  journaltitle = {International Council for the Exploration of the Sea},
  year = {2016},
  key = {42},
}

@Article{43,
  author = {L Smith and R Gamble and S Gaichas and J Link},
  title = {Simulations to evaluate management trade-offs among marine mammal consumption needs, commercial fishing fleets and finfish biomass},
  journaltitle = {Marine Ecology Progress Series},
  year = {2015},
  key = {43},
}

@Article{44,
  author = {S Gaichas and K Aydin and RC Francis},
  title = {Wasp waist or beer belly? Modeling food web structure and energetic control in Alaskan marine ecosystems, with implications for fishing and environmental forcing},
  journaltitle = {Progress in oceanography},
  year = {2015},
  key = {44},
}

@Article{48,
  author = {SK Gaichas and JS Link and JA Hare},
  title = {A risk-based approach to evaluating northeast US fish community vulnerability to climate change},
  journaltitle = {ICES Journal of Marine Science},
  year = {2014},
  key = {48},
}

@Article{50,
  author = {E Houde and S Gaichas and R Seagraves},
  title = {Managing forage fishes in the mid-Atlantic region: a white paper to inform the mid-Atlantic fishery management council},
  journaltitle = {Mid‐Atlantic Fishery Management Council},
  year = {2014},
  key = {50},
}

@Article{51,
  author = {SM Lucey and KY Aydin and SK Gaichas and MJ Fogarty and SY Hyun and SX Cadrin},
  title = {Improving the EBFM toolbox with an alternative open source mass balance model},
  journaltitle = {Ecopath},
  year = {2014},
  key = {51},
}

@Article{52,
  author = {JJ Ruzicka and JH Steele and SK Gaichas and T Ballerini and DJ Gifford and RD Brodeur and {...}},
  title = {Analysis of energy flow in US GLOBEC ecosystems using end-to-end models},
  journaltitle = {Oceanography},
  year = {2013},
  key = {52},
}

@Article{53,
  author = {JJ Ruzicka and JH Steele and T Ballerini and SK Gaichas and DG Ainley},
  title = {Dividing up the pie: Whales, fish, and humans as competitors},
  journaltitle = {Progress in oceanography},
  year = {2013},
  key = {53},
}

@Article{54,
  author = {JS Link and TF Ihde and CJ Harvey and SK Gaichas and JC Field and JKT Brodziak and {...}},
  title = {Dealing with uncertainty in ecosystem models: the paradox of use for living marine resource management},
  journaltitle = {Progress in Oceanography},
  year = {2012},
  key = {54},
}

@Article{55,
  author = {JS Link and S Gaichas and TJ Miller and T Essington and A Bundy and J Boldt and {...}},
  title = {Synthesizing lessons learned from comparing fisheries production in 13 northern hemisphere ecosystems: emergent fundamental features},
  journaltitle = {Marine Ecology Progress Series},
  year = {2012},
  key = {55},
}

@Article{56,
  author = {S Gaichas and R Gamble and M Fogarty and H Beno{\^\i}t and T Essington and C Fu and {...}},
  title = {Assembly rules for aggregate-species production models: simulations in support of management strategy evaluation},
  journaltitle = {Marine Ecology Progress Series},
  year = {2012},
  key = {56},
}

@Article{57,
  author = {C Fu and S Gaichas and JS Link and A Bundy and JL Boldt and AM Cook and R Gamble and {...}},
  title = {Relative importance of fisheries, trophodynamic and environmental drivers in a series of marine ecosystems},
  journaltitle = {Marine Ecology Progress Series},
  year = {2012},
  key = {57},
}

@Article{58,
  author = {SK Gaichas and G Odell and KY Aydin and RC Francis},
  title = {Beyond the defaults: functional response parameter space and ecosystem-level fishing thresholds in dynamic food web model simulations},
  journaltitle = {Canadian journal of fisheries and aquatic sciences},
  year = {2012},
  key = {58},
}

@Article{59,
  author = {F Pranovi and J Link and C Fu and AM Cook and H Liu and S Gaichas and KD Friedland and {...}},
  title = {Trophic-level determinants of biomass accumulation in marine ecosystems},
  journaltitle = {Marine Ecology Progress Series},
  year = {2012},
  key = {59},
}

@Article{60,
  author = {SK Gaichas and A Bundy and TJ Miller and E Moksness and KI Stergiou},
  title = {What drives marine fisheries production?},
  journaltitle = {Marine Ecology Progress Series},
  year = {2012},
  key = {60},
}

@Article{61,
  author = {SK Gaichas and A Bundy and TJ Miller and E Moksness and KI Stergiou and KK Holsman and {...}},
  title = {Comparative analysis of marine fisheries production},
  journaltitle = {Marine Ecology Progress Series},
  year = {2012},
  key = {61},
}

@Article{62,
  author = {E Moksness and J Link and K Drinkwater and S Gaichas},
  title = {Bernard Megrey: pioneer of Comparative Marine Ecosystem analyses},
  journaltitle = {Marine Ecology Progress Series},
  year = {2012},
  key = {62},
}

@Article{64,
  author = {ME Hunsicker and L Ciannelli and KM Bailey and JA Buckel and J Wilson White and JS Link and {...}},
  title = {Functional responses and scaling in predator–prey interactions of marine fishes: contemporary issues and emerging concepts},
  journaltitle = {Ecology Letters},
  year = {2011},
  key = {64},
}

@Article{65,
  author = {AK Salomon and SK Gaichas and OP Jensen and VN Agostini and NA Sloan and J Rice and {...}},
  title = {Bridging the divide between fisheries and marine conservation science},
  journaltitle = {Bulletin of Marine Science},
  year = {2011},
  key = {65},
}

@Article{66,
  author = {SK Gaichas and KY Aydin and RC Francis},
  title = {What drives dynamics in the Gulf of Alaska? Integrating hypotheses of species, fishing, and climate relationships using ecosystem modeling},
  journaltitle = {Canadian Journal of Fisheries and Aquatic Sciences},
  year = {2011},
  key = {66},
}

@Article{68,
  author = {AK Salomon and SK Gaichas and NT Shears and JE Smith and EMP Madin and SD Gaines},
  title = {Key features and context‐dependence of fishery‐induced trophic cascades},
  journaltitle = {Conservation Biology},
  year = {2010},
  key = {68},
}

@Article{69,
  author = {SK Gaichas and KY Aydin and RC Francis},
  title = {Using food web model results to inform stock assessment estimates of mortality and production for ecosystem-based fisheries management},
  journaltitle = {Canadian Journal of Fisheries and Aquatic Sciences},
  year = {2010},
  key = {69},
}

@Article{70,
  author = {S Zador and S Gaichas},
  title = {Ecosystem considerations for 2011},
  journaltitle = {Groundfish Stock Assessment and Fishery Evaluation Report},
  year = {2010},
  key = {70},
}

@Article{71,
  author = {RF Reuter and ME Conners and J DiCosimo and S Gaichas and O Ormseth and TT TenBrink},
  title = {Managing non‐target, data‐poor species using catch limits: lessons from the Alaskan groundfish fishery},
  journaltitle = {Fisheries Management and Ecology},
  year = {2010},
  key = {71},
}

@Article{74,
  author = {S Gaichas and G Skaret and J Falk-Petersen and JS Link and W Overholtz and BA Megrey and {...}},
  title = {A comparison of community and trophic structure in five marine ecosystems based on energy budgets and system metrics},
  journaltitle = {Progress in Oceanography},
  year = {2009},
  key = {74},
}

@Article{75,
  author = {JS Link and WT Stockhausen and G Skaret and W Overholtz and BA Megrey and H Gj{\o}s{\ae}ter and {...}},
  title = {A comparison of biological trends from four marine ecosystems: synchronies, differences, and commonalities},
  journaltitle = {Progress in Oceanography},
  year = {2009},
  key = {75},
}

@Article{76,
  author = {BA Megrey and JA Hare and WT Stockhausen and A Dommasnes and H Gj{\o}s{\ae}ter and {...}},
  title = {A cross-ecosystem comparison of spatial and temporal patterns of covariation in the recruitment of functionally analogous fish stocks},
  journaltitle = {Progress in Oceanography},
  year = {2009},
  key = {76},
}

@Article{78,
  author = {SK Gaichas},
  title = {A context for ecosystem-based fishery management: developing concepts of ecosystems and sustainability},
  journaltitle = {Marine Policy},
  year = {2008},
  key = {78},
}

@Article{79,
  author = {SK Gaichas and RC Francis},
  title = {Network models for ecosystem-based fishery analysis: a review of concepts and application to the Gulf of Alaska marine food web},
  journaltitle = {Canadian Journal of Fisheries and Aquatic Sciences},
  year = {2008},
  key = {79},
}

@Article{80,
  author = {K Aydin and S Gaichas and I Ortiz and D Kinzey and N Friday},
  title = {A comparison of the Bering Sea, Gulf of Alaska, and Aleutian Islands large marine ecosystems through food web modeling},
  journaltitle = {NOAA Technical Memorandum},
  year = {2007},
  key = {80},
}

@Article{81,
  author = {CM Gburski and SK Gaichas and DK Kimura},
  title = {Age and growth of big skate (Raja binoculata) and longnose skate (R. rhina) in the Gulf of Alaska},
  journaltitle = {Biology of Skates},
  year = {2007},
  key = {81},
}

@Article{82,
  author = {K Aydin and J Boldt and S Gaichas and J Ianelli and J Jurado-Molina and I Ortiz and J Overland and {...}},
  title = {Ecosystem assessment},
  journaltitle = {Ecosystem considerations for},
  year = {2007},
  key = {82},
}

@Article{83,
  author = {BD Megrey and J Hare and A Dommasnes and H Gj{\o}s{\ae}ter and W Stockhausen and {...}},
  title = {A cross-ecosystem comparison of temporal variability in recruitment of functionally analogous fish stocks},
  journaltitle = {ICES},
  year = {2007},
  key = {83},
}

@Article{84,
  author = {IB Spies and S Gaichas and DE Stevenson and JW Orr and MF Canino},
  title = {DNA‐based identification of Alaska skates (Amblyraja, Bathyraja and Raja: Rajidae) using cytochrome c oxidase subunit I (coI) variation},
  journaltitle = {Journal of Fish Biology},
  year = {2006},
  key = {84},
}

@Article{85,
  author = {SK Gaichas},
  title = {Development and application of ecosystem models to support fishery sustainability: a case study for the Gulf of Alaska},
  journaltitle = {University of Washington},
  year = {2006},
  key = {85},
}

@Article{88,
  author = {S Gaichas and N Sagalkin and C Gburski and D Stevenson and R Swanson},
  title = {Gulf of Alaska skates},
  journaltitle = {Stock assessment and fishery evaluation report for the groundfish resources …},
  year = {2005},
  key = {88},
}

@Article{90,
  author = {SJ Barbeaux and S Gaichas and JN Ianelli and MW Dorn},
  title = {Evaluation of biological sampling protocols for at-sea groundfish observers in Alaska},
  journaltitle = {Alaska Fish. Res. Bull},
  year = {2005},
  key = {90},
}

@Article{93,
  author = {RF Reuter and S Gaichas},
  title = {Symposium Abstract: Biodiversity Changes in Space and Time in the Gulf of Alaska: An Ecosystem Measure of Fishing Effects on Habitat},
  journaltitle = {AMERICAN FISHERIES SOCIETY SYMPOSIUM},
  year = {2005},
  key = {93},
}

@Article{94,
  author = {S Gaichas and D Courtney and T TenBrink and M Nelson and S Lowe and J Hoff and B Matta and {...}},
  title = {Bering Sea Aleutian Islands Squid and Other species stock assessment},
  journaltitle = {Stock Assessment and Fishery Evaluation Report for the Groundfish Resources …},
  year = {2004},
  key = {94},
}

@Article{95,
  author = {GG Thompson and MW Dorn and S Gaichas and K Aydin},
  title = {Assessment of the Pacific cod stock in the eastern Bering Sea and Aleutian Islands area},
  journaltitle = {Plan Team for Groundfish Fisheries of the Bering Sea/Aleutian Islands …},
  year = {2003},
  key = {95},
}

@Article{96,
  author = {S Gaichas and M Ruccio and D Stevenson and R Swanson},
  title = {Stock assessment and fishery evaluation of skate species (Rajidae) in the Gulf of Alaska},
  journaltitle = {Stock Assessment and Fishery Evaluation Report for the Groundfish Resources …},
  year = {2003},
  key = {96},
}

@Article{97,
  author = {S Gaichas and JN Ianelli},
  title = {Assessment of thornyheads (Sebastolobus spp.) in the Gulf of Alaska},
  journaltitle = {Stock assessment and fishery evaluation report for the groundfish resources …},
  year = {2003},
  key = {97},
}

@Article{98,
  author = {S Gaichas},
  title = {Squid and other species in the Bering Sea and Aleutian Islands},
  journaltitle = {Stock assessment and fishery evaluation report for the groundfish resources …},
  year = {2002},
  key = {98},
}

@Article{99,
  author = {WA Karp and CS Rose and JR Gauvin and SK Gaichas and MW Dorn and GD Stauffer},
  title = {Government-industry cooperative fisheries research in the North Pacific under the MSFCMA},
  journaltitle = {Marine Fisheries Review},
  year = {2001},
  key = {99},
}

@Article{100,
  author = {S Gaichas and L Fritz and JN Ianelli},
  title = {Other species considerations for the Gulf of Alaska},
  journaltitle = {Stock assessment and fishery evaluation report for the groundfish resources …},
  year = {1999},
  key = {100},
}

@Article{101,
  author = {MW Dorn and SK Gaichas and SM Fitzgerald and SA Bibb},
  title = {Measuring total catch at sea: use of a motion-compensated flow scale to evaluate observer volumetric methods},
  journaltitle = {North American Journal of Fisheries Management},
  year = {1999},
  key = {101},
}

@Article{102,
  author = {JN Ianelli and S Gaichas},
  title = {Stock assessment of Gulf of Alaska thornyheads (Sebastolobus spp.)},
  journaltitle = {Stock assessment and fishery evaluation report for the groundfish resources …},
  year = {1999},
  key = {102},
}

@Article{103,
  author = {MW Dorn and SK Gaichas and SM Fitzgerald and S Biib},
  title = {Evaluation of haul weight estimation procedures used by at-sea observers in pollock fisheries off Alaska},
  journaltitle = {US Department of Commerce, National Oceanic and Atmospheric Administration …},
  year = {1997},
  key = {103},
}
