@Article{1,
  author = {SR Weiskopf and MA Rubenstein and LG Crozier and S Gaichas and R Griffis and {...}},
  title = {Climate change effects on biodiversity, ecosystems, ecosystem services, and natural resource management in the United States},
  journaltitle = {Science of The Total Environment},
  year = {2020},
  key = {1},
}

@Article{2,
  author = {JS Link and G Huse and S Gaichas and AR Marshak},
  title = {Changing how we approach fisheries: A first attempt at an operational framework for ecosystem approaches to fisheries management},
  journaltitle = {Fish and Fisheries},
  year = {2020},
  key = {2},
}

@Article{3,
  author = {MA Karp and JO Peterson and PD Lynch and RB Griffis and CF Adams and WS Arnold and {...}},
  title = {Accounting for shifting distributions and changing productivity in the development of scientific advice for fishery management},
  journaltitle = {ICES Journal of Marine Science},
  year = {2019},
  key = {3},
}

@Article{4,
  author = {JJ Deroba and SK Gaichas and MY Lee and RG Feeney and D Boelke and BJ Irwin},
  title = {The dream and the reality: meeting decision-making time frames while incorporating ecosystem and economic models into management strategy evaluation,},
  journaltitle = {Canadian Journal of Fisheries and Aquatic Sciences},
  year = {2019},
  key = {4},
}

@Article{5,
  author = {RG Feeney and DV Boelke and JJ Deroba and S Gaichas and BJ Irwin and M Lee},
  title = {Integrating management strategy evaluation into fisheries management: advancing best practices for stakeholder inclusion based on an MSE for Northeast US Atlantic herring},
  journaltitle = {Canadian Journal of Fisheries and Aquatic Sciences},
  year = {2019},
  key = {5},
}

@Article{6,
  author = {DR Goethel and SM Lucey and AM Berger and SK Gaichas and MA Karp and PD Lynch and {...}},
  title = {Closing the feedback loop: on stakeholder participation in management strategy evaluation},
  journaltitle = {Canadian Journal of Fisheries and Aquatic Sciences},
  year = {2019},
  key = {6},
}

@Article{7,
  author = {H Townsend and CJ Harvey and Y deReynier and D Davis and S Zador and S Gaichas and {...}},
  title = {Progress on Implementing Ecosystem-Based Fisheries Management in the US Through the Use of Ecosystem Models and Analysis},
  journaltitle = {Frontiers in Marine Science},
  year = {2019},
  key = {7},
}

@Article{8,
  author = {DR Goethel and SM Lucey and AM Berger and SK Gaichas and MA Karp and PD Lynch and {...}},
  title = {Recent advances in management strategy evaluation: introduction to the special issue “Under pressure: addressing fisheries challenges with Management Strategy Evaluation”},
  journaltitle = {Canadian Journal of Fisheries and Aquatic Sciences},
  year = {2019},
  key = {8},
}

@Article{13,
  author = {S Gaichas and GS DePiper and RJ Seagraves and B Muffley and M Colburn and AL Loftus},
  title = {Addendum: Implementing Ecosystem Approaches to Fishery Management: Risk Assessment in the US Mid-Atlantic},
  journaltitle = {Frontiers in Marine Science},
  year = {2019},
  key = {13},
}

@Article{15,
  author = {E Olsen and IC Kaplan and C Ainsworth and G Fay and S Gaichas and R Gamble and R Girardin and {...}},
  title = {Ocean futures under ocean acidification, marine protection, and changing fishing pressures explored using a worldwide suite of ecosystem models},
  journaltitle = {Frontiers in Marine Science},
  year = {2018},
  key = {15},
}

@Article{16,
  author = {SK Gaichas and GS DePiper and RJ Seagraves and BW Muffley and MG Sabo and {...}},
  title = {Implementing ecosystem approaches to fishery management: risk assessment in the US Mid-Atlantic},
  journaltitle = {Frontiers in Marine Science},
  year = {2018},
  key = {16},
}

@Article{18,
  author = {RP Wildermuth and G Fay and S Gaichas},
  title = {Structural uncertainty in qualitative models for ecosystem-based management of Georges Bank},
  journaltitle = {Canadian Journal of Fisheries and Aquatic Sciences},
  year = {2018},
  key = {18},
}

@Article{27,
  author = {D Tommasi and CA Stock and AJ Hobday and R Methot and IC Kaplan and JP Eveson and {...}},
  title = {Managing living marine resources in a dynamic environment: the role of seasonal to decadal climate forecasts},
  journaltitle = {Progress in Oceanography},
  year = {2017},
  key = {27},
}

@Article{28,
  author = {SG Zador and KK Holsman and KY Aydin and SK Gaichas},
  title = {Ecosystem considerations in Alaska: the value of qualitative assessments},
  journaltitle = {ICES Journal of Marine Science},
  year = {2017},
  key = {28},
}

@Article{29,
  author = {K Holsman and J Samhouri and G Cook and E Hazen and E Olsen and M Dillard and {...}},
  title = {An ecosystem‐based approach to marine risk assessment},
  journaltitle = {Ecosystem Health and Sustainability},
  year = {2017},
  key = {29},
}

@Article{30,
  author = {GS DePiper and SK Gaichas and SM Lucey and P Pinto da Silva and MR Anderson and {...}},
  title = {Operationalizing integrated ecosystem assessments within a multidisciplinary team: lessons learned from a worked example},
  journaltitle = {ICES Journal of Marine Science},
  year = {2017},
  key = {30},
}

@Article{31,
  author = {SK Gaichas and M Fogarty and G Fay and R Gamble and S Lucey and L Smith},
  title = {Combining stock, multispecies, and ecosystem level fishery objectives within an operational management procedure: simulations to start the conversation},
  journaltitle = {ICES Journal of Marine Science},
  year = {2017},
  key = {31},
}

@Article{32,
  author = {SG Zador and SK Gaichas and S Kasperski and CL Ward and RE Blake and NC Ban and {...}},
  title = {Linking ecosystem processes to communities of practice through commercially fished species in the Gulf of Alaska},
  journaltitle = {ICES Journal of Marine Science},
  year = {2017},
  key = {32},
}

@Article{39,
  author = {E Olsen and G Fay and S Gaichas and R Gamble and S Lucey and JS Link},
  title = {Ecosystem model skill assessment. Yes we can!},
  journaltitle = {PloS one},
  year = {2016},
  key = {39},
}

@Article{40,
  author = {SK Gaichas and RJ Seagraves and JM Coakley and GS DePiper and VG Guida and JA Hare and {...}},
  title = {A framework for incorporating species, fleet, habitat, and climate interactions into fishery management},
  journaltitle = {Frontiers in Marine Science},
  year = {2016},
  key = {40},
}

@Article{41,
  author = {M Weijerman and JS Link and EA Fulton and E Olsen and H Townsend and S Gaichas and {...}},
  title = {Atlantis ecosystem model summit: report from a workshop},
  journaltitle = {Ecological Modelling},
  year = {2016},
  key = {41},
}

@Article{43,
  author = {L Smith and R Gamble and S Gaichas and J Link},
  title = {Simulations to evaluate management trade-offs among marine mammal consumption needs, commercial fishing fleets and finfish biomass},
  journaltitle = {Marine Ecology Progress Series},
  year = {2015},
  key = {43},
}

@Article{44,
  author = {S Gaichas and K Aydin and RC Francis},
  title = {Wasp waist or beer belly? Modeling food web structure and energetic control in Alaskan marine ecosystems, with implications for fishing and environmental forcing},
  journaltitle = {Progress in oceanography},
  year = {2015},
  key = {44},
}
